%%%%%%%%%%%%%%%%%%%%%%%%%%%%%%%%%%%%%%%%%%%%%%%%%%%%%%%%%%%%%%%%%%%%%%%%%%%%%%%%
%%
%% Список литературы
%%
%%%%%%%%%%%%%%%%%%%%%%%%%%%%%%%%%%%%%%%%%%%%%%%%%%%%%%%%%%%%%%%%%%%%%%%%%%%%%%%%

@book{book-simon-neural,
	title={Neural Networks: A Comprehensive Foundation},
	author={Simon Haykin},
	year={2016},
	language = {english},
	pages = {1104},
}

@online{cite-lek-narod,
	title = {ЛЕКЦИЯ 11. Теория адаптивного резонанса.},
	organization = {Лаборатотория Искусственных Нейронных Сетей НТО-2, ВНИИТФ, Снежинск},
	url = {http://alife.narod.ru/lectures/neural/Neu_ch11.htm},
	urldate = {04.12.2017},
	language = {russian},
}

@online{cite-kgeu-adapt,
	title = {Адаптивная резонансная теория},
	organization = {Электронный университет КГЭУ},
	url = {https://lms.kgeu.ru/pluginfile.php?file=\%2F52120\%2Fmod\_resource\%2Fcontent\%2F2\%2F\%D0\%A0\%D0\%90\%D0\%97\%D0\%94\%D0\%95\%D0\%9B4\%20\%D0\%90\%D0\%94\%D0\%90\%D0\%9F\%D0\%A2\%D0\%98\%D0\%92\%D0\%9D\%D0\%AB\%D0\%99\%20\%D0\%A0\%D0\%95\%D0\%97\%D0\%9E\%D0\%9D\%D0\%90\%D0\%9D\%D0\%A1.\%20\%D0\%9D\%D0\%95\%D0\%9E\%D0\%9A\%D0\%9E\%D0\%93\%D0\%9D\%D0\%98\%D0\%A2\%D0\%A0\%D0\%9E\%D0\%9D.pdf},
	urldate = {04.12.2017},
	language = {russian},
}

@online{cite-life-prog,
	title = {Нейронная сеть АРТ-1 адаптивной резонансной теории},
	organization = {Языки программирования life-prog},
	url = {http://life-prog.ru/view_neyrocomputer.php?id=1},
	urldate = {04.12.2017},
	language = {russian},
}

@online{cite-aideus-adapt,
	title = {Неоднозначность и адаптивный резонанс},
	organization = {AIDEUS Сильный искусственный интеллект.},
	url = {http://aideus.ru/?p=291},
	urldate = {04.12.2017},
	language = {russian},
}

@online{cite-studfiles-adapt,
	title = {Адаптивная теория резонанса},
	organization = {StudFiles файловый архив студентов},
	url = {https://studfiles.net/preview/2535303/page:17/},
	urldate = {04.12.2017},
	language = {russian},
}

@online{cite-techn-adapt,
	title = {Нейрокомпьютерная техника: Теория и практика},
	organization = {ЭТИ (филиал) СГТУ имени Гагарина Ю.А},
	url = {http://techn.sstu.ru/kafedri/\%D0\%BF\%D0\%BE\%D0\%B4\%D1\%80\%D0\%B0\%D0\%B7\%D0\%B4\%D0\%B5\%D0\%BB\%D0\%B5\%D0\%BD\%D0\%B8\%D1\%8F/1/MetMat/Terin/neiro/neiro.htm},
	urldate = {04.12.2017},
	language = {russian},
}

@online{cite-scorcher-adapt,
	title = {Внимательный мозг},
	organization = {Cборник статей по исследованиям психических явлений},
	url = {http://scorcher.ru/neuro/science/attention/mem19.php},
	urldate = {04.12.2017},
	language = {russian},
}

@online{cite-scritub-adapt,
	title = {Адаптивная резонансная теория},
	organization = {Rusa},
	url = {http://www.scritub.com/limba/rusa/2446151910.php},
	urldate = {04.12.2017},
	language = {russian},
}


@online{cite-window-adapt,
	title = {Учебное пособие по курсу «Микропроцессоры»},
	organization = {Единое окно},
	url = {http://window.edu.ru/catalog/pdf2txt/588/69588/44400?p_page=9},
	urldate = {04.12.2017},
	language = {russian},
}

@book{book-bikanov,
	title={Реализация многослойного персептрона и сети адаптивного резонанса},
	author={Н.П. Быканов},
	url={https://moluch.ru/conf/tech/archive/166/10827/},
	year={2006},
	language = {russian},
	pages = {6-9},
}





@book{book-example,
	title={Верификация программ методом Model Checking},
	author={А.М. Миронов},
	url={http://intsys.msu.ru/staff/mironov/modelchk.pdf},
	year={2012},
	language = {russian},
	pages = {84},
}


@ARTICLE{article-example,
	author = {Василий Пупкин and Василиса Пупкина and Пупкинский, В.П.},
	title = {Русская статья},
	journal = {Научно-технические ведомости НИИ ЧАВО},
	year = 2000,
	number = 16,
	pages = {32--64},
	language = {russian},
}

%%%%%%%%%%%%%%%%%%%%%%%%%%%%%%%%%%%%%%%%%%%%%%%%%%%%%%%%%%%%%%%%%%%%%%%%%%%%%%%%
