@online{NVIDIA,
	title = {NVIDIA },
	url = {https://www.nvidia.ru/deep-learning-ai/education/},
	language = {english},
}





@online{f_l,
	title = {A fast learning algorithm for deep belief nets },
	organization = {National University of Singapore },
	url = {http://www.cs.toronto.edu/~hinton/absps/fastnc.pdf},
	language = {english},
}



@online{tf_doc,
	title = {Tensorflow Documentation },
	url = {https://www.tensorflow.org/api_docs/},
	language = {english},
}



@online{caffe_doc,
	title = {Caffe Documentation },
	url = {http://caffe.berkeleyvision.org},
	language = {english},
}

 

@online{deeplearning4j_doc,
	title = {Deeplearning4j Documentation },
	url = {https://deeplearning4j.org/documentation},
	language = {english},
}

 

@online{dlib_doc,
	title = {Dlib Documentation },
	url = {http://dlib.net},
	language = {english},
}

 

@online{Keras_doc,
	title = {Keras Documentation },
	url = {https://keras.io},
	language = {english},
}

 

@online{cntk_doc,
	title = {CNTK Documentation},
	url = {https://github.com/Microsoft/CNTK/tree/master/Documentation },
	language = {english},
}

 

@online{mxnet_doc,
	title = {Mxnet Documentation},
	url = {https://mxnet.incubator.apache.org/faq/why_mxnet.html },
	language = {english},
}

@online{ND_doc,
	title = {Neural Designer Introduction },
	url = {https://www.neuraldesigner.com },
	language = {english},
}

 

@online{Theano_doc,
	title = {Theano Documentation },
	url = {http://deeplearning.net/software/theano/ },
	language = {english},
}

 

@online{torch_doc,
	title = {Torch Documentation },
	url = {http://torch.ch/docs/getting-started.html },
	language = {english},
}

 

@online{opennn_doc,
	title = {opennn Documentation },
	organization = {Документация opennn},
	url = {http://www.opennn.net/documentation/},
	language = {english},
}



@BOOK{McCulloch,
author = "McCulloch W.S., Pitts W. ",
title = "A Logical Calculus of the Ideas Immanent in Nervous Activity",
publisher = " The Bulletin of Mathematical Biophysics",
year = 1943,
numpages = 133,
language = "english"
}


 @MISC{doe:SSD,
      AUTHOR = "Wei Liu, Dragomir Anguelov, Dumitru Erhan, Christian Szegedy, Scott Reed, Cheng-Yang Fu, Alexander C. Berg",
      TITLE = "SSD: Single Shot MultiBox Detector",
      MONTH = dec,
      YEAR = 2016,
      NOTE = "url{https://arxiv.org/pdf/1512.02325.pdf}"
}